@Misc{Sun:Instrument,
	Author= {{Sun Mircosystems Inc.}},
	howpublished = {From \url{http://java.sun.com/j2se/1.5.0/docs/api/java/lang/instrument/package-summary.html#package_description} - (Date Retrieved 2006-02-03)},
	Organization = {{Sun Microsystems Inc.}},
	Title = {{Package description -- java.lang.instrument}}}

@Misc{Darcy:2006:JSR269,
	Author = {Darcy, J.},
	Institution = {Java Community Page},
	Month = {November},
	howpublished = {From \url{http://jcp.org/en/jsr/detail?id=269}},
	Title = {{JSR 269: Pluggable Annotation Processing API}},
	Year = {2006}}

@Misc{Gafter:2002:JSR199,
	Author = {Gafter, N. and von der Ahe, P.},
	Institution = {Java Community Page},
	Month = {October},
	howpublished = {From \url{http://jcp.org/en/jsr/detail?id=199}},
	Title = {{JSR 199: JavaTM Compiler API}},
	Year = {2002}}

@InProceedings{Bartetzko-etal01,
  author =	 "D. Bartetzko and C. Fischer and M. Moller and
                  H. Wehrheim",
  title =	 "Jass - {Java} with assertions",
  BookTitle =	 "Workshop on Runtime Verification held in conjunction
                  with the 13th Conference on Computer Aided
                  Verification, CAV'01",
  year =	 "2001",
  Note =	 "Published in {\em Electronic Notes in Theoretical
                  Computer Science}, K. Havelund and G. Rosu (eds.),
                  55(2), 2001."
}

@book{Gosling-etal05a,
  author =	 "James Gosling and Bill Joy and Guy Steele and Gilad Bracha",
  Address = {Boston, Mass.},
  Title = {The {Java} Language Specification, Third Edition},
  Publisher = {Addison-Wesley},
  Series = {The Java Series},
  Year = {2005}
}

@Unpublished{Leavens-etal07,
  Author =	 {Gary T. Leavens and Erik Poll and Curtis Clifton and
                  Yoonsik Cheon and Clyde Ruby and David R. Cok and
                  Peter M\"{u}ller and Joseph Kiniry and Patrice Chalin},
  Title =	 {{JML Reference Manual}},
  Month =	 oct,
  Year =	 2007,
  Note =	 {Available from \url{http://www.jmlspecs.org}}
}

@article{Parr-Quong95,
    author = "Terence J. Parr and Russell W. Quong",
    title = "{ANTLR}: {A} Predicated-{LL}(k) Parser Generator",
    journal = "Software---Practice \& Experience",
    volume = "25",
    number = "7",
    pages = "789--810",
    year = "1995"
}

@MastersThesis{Rieken07,
	author 	= {Johannes Rieken},
	title 	= {{Design by Contract for Java - Revised}},
	year 		= {2007},
	school 	= {Universit\"{a}t Oldenburg}
}

@Article{Royer-Alagic-Dillon07,
  author =	 {Mark Royer and Suad Alagi\'{c} and Dan Dillon},
  title = 	 {Reflective Constraint Management for Languages on Virtual Platforms},
  journal =  {Journal of Object Technology},
  year = 	 2007,
  volume =       6,
  number =       10,
  pages = 	 {59-79},
  month = 	 {Nov.-Dec.},
  URL =          {http://www.jot.fm/issues/issue_2007_11/article1/},
  annote = 	 {27 references.}
}

@Misc{SunJSR30506,
	author 				= {{Sun Microsystems, Inc.}},
	title 				= {{JSR} 305: Annotations for Software Defect Detection},
	year 					= {2006},
	howpublished 	= {From
	                      \url{http://jcp.org/en/jsr/detail?id=305}
	                      (Date retrieved: March 19, 2008)}
}

@Misc{SunJSR30807,
	author 				= {{Sun Microsystems, Inc.}},
	title 				= {{JSR} 308: Annotations on Java Types},
	year 					= {2007},
	howpublished 	= {From 
	                      \url{http://jcp.org/en/jsr/detail?id=308}
	                      (Date retrieved: March 19, 2008)}
}

@MastersThesis{Taylor08,
	author 	= {Kristina B. Taylor},
	title 	= {A Specification Language Design for the {Java Modeling Language (JML)} Using {Java} 5 Annotations},
	year 		= {2008},
	school 	= {Iowa State University}
}

@Misc{Thomschke07,
	author 				= {Sebastian Thomschke},
	title 				= {{OVal} -- The Object Validation Framework for {Java} 5 or Later},
	year 					= {2007},
	howpublished 	= {From
	                      \url{http://oval.sourceforge.net/}
	                      (Date retrieved: March 19, 2008)}
}

@InProceedings{Wampler06,
	Author 		= {Dean Wampler},
	Title 		= {{Contract4J} for Design by Contract in {Java}: Design Pattern-Like Protocols and Aspect Interfaces},
	Editor 		= {Yvonne Coady and David H. Lorenz and Olaf Spinczyk and Eric Wohlstadter},
	Booktitle = {Proceedings of the Fifth {AOSD} Workshop on Aspects, Components, and Patterns for Infrastructure Software},
	Publisher = {Published as University of Virginia Computer Science Technical Report \mbox{CS--2006--01}},
  Year 			= {2006},
  Pages 		= {27--30},
  Annote		= {13 References}
}